<collection xmlns="http://www.loc.gov/MARC21/slim">
<record>
  <leader>00919pam a2200193 a 4500</leader>
  <controlfield tag="001">000033852894</controlfield>
  <controlfield tag="008">080312s2010    abc      b    001 0 eng  </controlfield>
  <datafield tag="020" ind1=" " ind2=" ">
    <subfield code="a">9781894865111</subfield>
  </datafield>
  <datafield tag="100" ind1="1" ind2=" ">
    <subfield code="a">Tarnavsʹka, Marta.</subfield>
  </datafield>
  <datafield tag="245" ind1="1" ind2="0">
    <subfield code="a">Ukrainian literature in English, 1966-1979 :</subfield>
    <subfield code="b">an annotated bibliography /</subfield>
    <subfield code="c">Marta Tarnawsky.</subfield>
  </datafield>
  <datafield tag="260" ind1=" " ind2=" ">
    <subfield code="a">Edmonton :</subfield>
    <subfield code="b">Canadian Institute of Ukrainian Studies Press,</subfield>
    <subfield code="c">2010.</subfield>
  </datafield>
  <datafield tag="300" ind1=" " ind2=" ">
    <subfield code="a">527 p. ;</subfield>
    <subfield code="c">28 cm.</subfield>
  </datafield>
  <datafield tag="490" ind1="1" ind2=" ">
    <subfield code="a">Research report ;</subfield>
    <subfield code="v">no. 65</subfield>
  </datafield>
  <datafield tag="650" ind1=" " ind2="0">
    <subfield code="a">Ukrainian literature</subfield>
    <subfield code="v">Translations into English</subfield>
    <subfield code="v">Bibliography.</subfield>
  </datafield>
  <datafield tag="650" ind1=" " ind2="0">
    <subfield code="a">Ukrainian literature</subfield>
    <subfield code="x">History and criticism</subfield>
    <subfield code="v">Bibliography.</subfield>
  </datafield>
  <datafield tag="650" ind1=" " ind2="6">
    <subfield code="a">Littérature ukrainienne</subfield>
    <subfield code="v">Traductions anglaises</subfield>
    <subfield code="v">Biographies.</subfield>
  </datafield>
  <datafield tag="650" ind1=" " ind2="6">
    <subfield code="a">Littérature ukrainienne</subfield>
    <subfield code="x">Histoire et critique</subfield>
    <subfield code="v">Biographies.</subfield>
  </datafield>
  <datafield tag="852" ind1="0" ind2="0">
    <subfield code="9">1</subfield>
    <subfield code="a">CaOONL</subfield>
    <subfield code="c">NL Stacks</subfield>
    <subfield code="h">Z2519 .64 L5</subfield>
    <subfield code="i">T37 2010 fol.</subfield>
    <subfield code="z">LAC copy: Paperback.</subfield>
  </datafield>
  <datafield tag="852" ind1="4" ind2="0">
    <subfield code="9">2</subfield>
    <subfield code="a">CaOONL</subfield>
    <subfield code="c">Preserv - off site</subfield>
    <subfield code="j">C-96807</subfield>
    <subfield code="t">Copy 2</subfield>
    <subfield code="z">LAC copy: Paperback.</subfield>
  </datafield>
</record>
</collection>
